@misc{TheComprehensiveRArchiveNetwork,
  title={Introduction to the viridis color maps},
  author={Bob Rudis, Noam Ross and Simon Garnier},
  year={2024},
  publisher={Institute for Statistics and Mathematics of WU (Wirtschaftsuniversität Wien)}
}
@book{munzner2014visualization,
  title={Visualization analysis and design},
  author={Munzner, Tamara},
  year={2014},
  publisher={CRC press}
}
@book{heatmap,
title={Heat Maps: Perfect Maps for Quick Reading? Comparing Usability of Heat Maps with Different Levels of Generalization},
  author={Katarzyna Słomska-Przech,Tomasz PaneckiORCID, Wojciech Pokojski},
  year={2021},
  publisher={ISPRS Int. J. Geo-Inf.}
}
  


